
@misc{att48,
    Author = {Padberg,Rinaldi},
    Keywords = {TSP}}
@misc{bier127,
    Author = {Juenger,Reinelt},
    Keywords = {TSP}}
 @misc{3, 
    Author = {Wikipedia},
    title={Travelling salesman problem}, url={https://en.wikipedia.org/wiki/Travelling_salesman_problem}, journal={Wikipedia}, 
    publisher={Wikimedia Foundation}, year={2020}, month={Nov}}   
@article{4,
Author = {CSD},
    title={The travelling salesman problem Chapter 10},
    url={https://www.csd.uoc.gr/~hy583/papers/ch11.pdf},
    Keywords={4}} 